<ENVELOPE>
<HEADER>
	<TALLYREQUEST>Import Data</TALLYREQUEST>
</HEADER>
<BODY>
	<IMPORTDATA>
	<REQUESTDESC>
	<REPORTNAME>Vouchers</REPORTNAME>
	<STATICVARIABLES>
	<SVCURRENTCOMPANY>SKYON CONDOMINIUM OWNERS WELFARE
	ASSOCIATION</SVCURRENTCOMPANY></STATICVARIABLES></REQUESTDESC>
	<REQUESTDATA>
	<TALLYMESSAGE xmlns:UDF="TallyUDF">
	<VOUCHER REMOTEID="c9acc1de-7922-4396-8128-25ee27f99c92-0AC201724820"
		VCHKEY="c9acc1de-7922-4396-8128-25ee27f99c92-0000a44f:0AC201724820"
		VCHTYPE="Journal" ACTION="Create" OBJVIEW="Accounting Voucher View">
	<OLDAUDITENTRYIDS.LIST TYPE="Number">
	<OLDAUDITENTRYIDS>-1</OLDAUDITENTRYIDS></OLDAUDITENTRYIDS.LIST>
	<DATE>01/04/2017</DATE>
	<GUID>c9acc1de-7922-4396-8128-25ee27f99c92-0AC201724820</GUID>
	<NARRATION>BEING CAM BILL RAISED TO RESIDENTS</NARRATION>
	<VOUCHERTYPENAME>Journal</VOUCHERTYPENAME>
	<VOUCHERNUMBER>1</VOUCHERNUMBER>
	<PARTYLEDGERNAME>SY-E-00-05</PARTYLEDGERNAME>
	<CSTFORMISSUETYPE />
	<CSTFORMRECVTYPE />
	<FBTPAYMENTTYPE>Default</FBTPAYMENTTYPE>
	<PERSISTEDVIEW>Accounting Voucher View</PERSISTEDVIEW>
	<VCHGSTCLASS />
	<DIFFACTUALQTY>No</DIFFACTUALQTY>
	<AUDITED>No</AUDITED>
	<FORJOBCOSTING>No</FORJOBCOSTING>
	<ISOPTIONAL>No</ISOPTIONAL>
	<EFFECTIVEDATE>01/04/2017</EFFECTIVEDATE>
	<ISFORJOBWORKIN>No</ISFORJOBWORKIN>
	<ALLOWCONSUMPTION>No</ALLOWCONSUMPTION>
	<USEFORINTEREST>No</USEFORINTEREST>
	<USEFORGAINLOSS>No</USEFORGAINLOSS>
	<USEFORGODOWNTRANSFER>No</USEFORGODOWNTRANSFER>
	<USEFORCOMPOUND>No</USEFORCOMPOUND>
	<ALTERID>011111993</ALTERID>
	<EXCISEOPENING>No</EXCISEOPENING>
	<USEFORFINALPRODUCTION>No</USEFORFINALPRODUCTION>
	<ISCANCELLED>No</ISCANCELLED>
	<HASCASHFLOW>No</HASCASHFLOW>
	<ISPOSTDATED>No</ISPOSTDATED>
	<USETRACKINGNUMBER>No</USETRACKINGNUMBER>
	<ISINVOICE>No</ISINVOICE>
	<MFGJOURNAL>No</MFGJOURNAL>
	<HASDISCOUNTS>No</HASDISCOUNTS>
	<ASPAYSLIP>No</ASPAYSLIP>
	<ISCOSTCENTRE>No</ISCOSTCENTRE>
	<ISSTXNONREALIZEDVCH>No</ISSTXNONREALIZEDVCH>
	<ISEXCISEMANUFACTURERON>No</ISEXCISEMANUFACTURERON>
	<ISBLANKCHEQUE>No</ISBLANKCHEQUE>
	<ISVOID>No</ISVOID>
	<ISONHOLD>No</ISONHOLD>
	<ISDELETED>No</ISDELETED>
	<ASORIGINAL>No</ASORIGINAL>
	<VCHISFROMSYNC>No</VCHISFROMSYNC>
	<MASTERID>311111993</MASTERID>
	<VOUCHERKEY>411111993</VOUCHERKEY>
	<ALLLEDGERENTRIES.LIST>
	<OLDAUDITENTRYIDS.LIST TYPE="Number"> <OLDAUDITENTRYIDS>-1</OLDAUDITENTRYIDS>
	</OLDAUDITENTRYIDS.LIST> <LEDGERNAME>SY-E-00-05</LEDGERNAME>
	<GSTCLASS />
	<ISDEEMEDPOSITIVE>Yes</ISDEEMEDPOSITIVE>
	<LEDGERFROMITEM>No</LEDGERFROMITEM>
	<REMOVEZEROENTRIES>No</REMOVEZEROENTRIES>
	<ISPARTYLEDGER>No</ISPARTYLEDGER>
	<ISLASTDEEMEDPOSITIVE>Yes</ISLASTDEEMEDPOSITIVE>
	<AMOUNT>-0</AMOUNT> </ALLLEDGERENTRIES.LIST> <ALLLEDGERENTRIES.LIST> <OLDAUDITENTRYIDS.LIST
		TYPE="Number"> <OLDAUDITENTRYIDS>-1</OLDAUDITENTRYIDS></OLDAUDITENTRYIDS.LIST>
	<LEDGERNAME>CamAmount</LEDGERNAME> <GSTCLASS />
	<ISDEEMEDPOSITIVE>No</ISDEEMEDPOSITIVE>
	<LEDGERFROMITEM>No</LEDGERFROMITEM>
	<REMOVEZEROENTRIES>No</REMOVEZEROENTRIES>
	<ISPARTYLEDGER>No</ISPARTYLEDGER>
	<ISLASTDEEMEDPOSITIVE>No</ISLASTDEEMEDPOSITIVE>
	<AMOUNT>0</AMOUNT></ALLLEDGERENTRIES.LIST>
	<ALLLEDGERENTRIES.LIST>
	<OLDAUDITENTRYIDS.LIST TYPE="Number">
	<OLDAUDITENTRYIDS>-1</OLDAUDITENTRYIDS></OLDAUDITENTRYIDS.LIST>
	<LEDGERNAME>KrishiKalyan@0.5%</LEDGERNAME>
	<GSTCLASS />
	<ISDEEMEDPOSITIVE>No</ISDEEMEDPOSITIVE>
	<LEDGERFROMITEM>No</LEDGERFROMITEM>
	<REMOVEZEROENTRIES>No</REMOVEZEROENTRIES>
	<ISPARTYLEDGER>No</ISPARTYLEDGER>
	<ISLASTDEEMEDPOSITIVE>No</ISLASTDEEMEDPOSITIVE>
	<AMOUNT>0</AMOUNT></ALLLEDGERENTRIES.LIST>
	<ALLLEDGERENTRIES.LIST>
	<OLDAUDITENTRYIDS.LIST TYPE="Number">
	<OLDAUDITENTRYIDS>-1</OLDAUDITENTRYIDS></OLDAUDITENTRYIDS.LIST>
	<LEDGERNAME>SwachhBharatCess@0.5%</LEDGERNAME>
	<GSTCLASS />
	<ISDEEMEDPOSITIVE>No</ISDEEMEDPOSITIVE>
	<LEDGERFROMITEM>No</LEDGERFROMITEM> <REMOVEZEROENTRIES>No</REMOVEZEROENTRIES>
	<ISPARTYLEDGER>No</ISPARTYLEDGER>
	<ISLASTDEEMEDPOSITIVE>No</ISLASTDEEMEDPOSITIVE>
	<AMOUNT>0</AMOUNT></ALLLEDGERENTRIES.LIST>
	<ALLLEDGERENTRIES.LIST>
	<OLDAUDITENTRYIDS.LIST TYPE="Number">
	<OLDAUDITENTRYIDS>-1</OLDAUDITENTRYIDS></OLDAUDITENTRYIDS.LIST>
	<LEDGERNAME>ServiceTax@14%</LEDGERNAME>
	<GSTCLASS />
	<ISDEEMEDPOSITIVE>No</ISDEEMEDPOSITIVE>
	<LEDGERFROMITEM>No</LEDGERFROMITEM>
	<REMOVEZEROENTRIES>No</REMOVEZEROENTRIES>
	<ISPARTYLEDGER>No</ISPARTYLEDGER>
	<ISLASTDEEMEDPOSITIVE>No</ISLASTDEEMEDPOSITIVE>
	<AMOUNT>0</AMOUNT></ALLLEDGERENTRIES.LIST>
	<ALLLEDGERENTRIES.LIST>
	<OLDAUDITENTRYIDS.LIST TYPE="Number">
	<OLDAUDITENTRYIDS>-1</OLDAUDITENTRYIDS></OLDAUDITENTRYIDS.LIST>
	<LEDGERNAME>Round Off</LEDGERNAME>
	<GSTCLASS />
	<ISDEEMEDPOSITIVE>No</ISDEEMEDPOSITIVE>
	<LEDGERFROMITEM>No</LEDGERFROMITEM>
	<REMOVEZEROENTRIES>No</REMOVEZEROENTRIES>
	<ISPARTYLEDGER>No</ISPARTYLEDGER>
	<ISLASTDEEMEDPOSITIVE>No</ISLASTDEEMEDPOSITIVE>
	<AMOUNT>0</AMOUNT></ALLLEDGERENTRIES.LIST></VOUCHER></TALLYMESSAGE>
	<TALLYMESSAGE xmlns:UDF="TallyUDF">
	<COMPANY>
	<REMOTECMPINFO.LIST MERGE="Yes">
	<REMOTECMPNAME>SKYON CONDOMINIUM OWNERS WELFARE
	ASSOCIATION</REMOTECMPNAME>
	<REMOTECMPSTATE>Haryana</REMOTECMPSTATE></REMOTECMPINFO.LIST></COMPANY></TALLYMESSAGE></REQUESTDATA></IMPORTDATA>
</BODY>
</ENVELOPE>