<ENVELOPE>
<HEADER>
	<TALLYREQUEST>Import Data</TALLYREQUEST>
</HEADER>
<BODY>
	<IMPORTDATA> <REQUESTDESC> <REPORTNAME>Vouchers</REPORTNAME>
	<STATICVARIABLES>
	<SVCURRENTCOMPANY>BCITS PRIVATE LIMITED</SVCURRENTCOMPANY></STATICVARIABLES></REQUESTDESC>
	<REQUESTDATA>
	<TALLYMESSAGE xmlns:UDF="TallyUDF">
	<VOUCHER REMOTEID="6dd-000000348722" VCHKEY="a31f:000000288722"
		VCHTYPE="Receipt" ACTION="Create" OBJVIEW="Accounting Voucher View">
	<OLDAUDITENTRYIDS.LIST TYPE="Number">
	<OLDAUDITENTRYIDS>-1</OLDAUDITENTRYIDS></OLDAUDITENTRYIDS.LIST>
	<DATE>20171201</DATE>
	<GUID>6dd-000000348722</GUID>
	<NARRATION>BEING PAYMENT RECEIVED AGAINST </NARRATION>
	<VOUCHERTYPENAME>Receipt</VOUCHERTYPENAME>
	<VOUCHERNUMBER>3003</VOUCHERNUMBER>
	<PARTYLEDGERNAME></PARTYLEDGERNAME>
	<CSTFORMISSUETYPE />
	<CSTFORMRECVTYPE />
	<FBTPAYMENTTYPE>Default</FBTPAYMENTTYPE>
	<PERSISTEDVIEW>Accounting Voucher View</PERSISTEDVIEW>
	<VCHGSTCLASS />
	<ENTEREDBY>bcits2003</ENTEREDBY>
	<DIFFACTUALQTY>No</DIFFACTUALQTY>
	<AUDITED>No</AUDITED>
	<FORJOBCOSTING>No</FORJOBCOSTING>
	<ISOPTIONAL>No</ISOPTIONAL>
	<EFFECTIVEDATE>20171201</EFFECTIVEDATE>
	<ISFORJOBWORKIN>No</ISFORJOBWORKIN>
	<ALLOWCONSUMPTION>No</ALLOWCONSUMPTION>
	<USEFORINTEREST>No</USEFORINTEREST>
	<USEFORGAINLOSS>No</USEFORGAINLOSS>
	<USEFORGODOWNTRANSFER>No</USEFORGODOWNTRANSFER>
	<USEFORCOMPOUND>No</USEFORCOMPOUND>
	<ALTERID>98568</ALTERID>
	<EXCISEOPENING>No</EXCISEOPENING>
	<USEFORFINALPRODUCTION>No</USEFORFINALPRODUCTION>
	<ISCANCELLED>No</ISCANCELLED>
	<HASCASHFLOW>Yes</HASCASHFLOW>
	<ISPOSTDATED>No</ISPOSTDATED>
	<USETRACKINGNUMBER>No</USETRACKINGNUMBER>
	<ISINVOICE>No</ISINVOICE>
	<MFGJOURNAL>No</MFGJOURNAL>
	<HASDISCOUNTS>No</HASDISCOUNTS>
	<ASPAYSLIP>No</ASPAYSLIP>
	<ISCOSTCENTRE>No</ISCOSTCENTRE>
	<ISSTXNONREALIZEDVCH>No</ISSTXNONREALIZEDVCH>
	<ISEXCISEMANUFACTURERON>No</ISEXCISEMANUFACTURERON>
	<ISBLANKCHEQUE>No</ISBLANKCHEQUE>
	<ISVOID>No</ISVOID>
	<ISONHOLD>No</ISONHOLD>
	<ISDELETED>No</ISDELETED>
	<ASORIGINAL>No</ASORIGINAL>
	<VCHISFROMSYNC>No</VCHISFROMSYNC>
	<MASTERID>59623</MASTERID>
	<VOUCHERKEY>6092391</VOUCHERKEY>
	<ALLLEDGERENTRIES.LIST>
	<OLDAUDITENTRYIDS.LIST TYPE="Number">
	<OLDAUDITENTRYIDS>-1</OLDAUDITENTRYIDS></OLDAUDITENTRYIDS.LIST>
	<LEDGERNAME></LEDGERNAME>
	<GSTCLASS />
	<ISDEEMEDPOSITIVE>No</ISDEEMEDPOSITIVE>
	<LEDGERFROMITEM>No</LEDGERFROMITEM>
	<REMOVEZEROENTRIES>No</REMOVEZEROENTRIES>
	<ISPARTYLEDGER>Yes</ISPARTYLEDGER>
	<ISLASTDEEMEDPOSITIVE>No</ISLASTDEEMEDPOSITIVE>
	<AMOUNT>15120.0</AMOUNT>
	<BILLALLOCATIONS.LIST>
	<NAME>bill</NAME>
	<BILLTYPE>Agst Ref</BILLTYPE>
	<TDSDEDUCTEEISSPECIALRATE>No</TDSDEDUCTEEISSPECIALRATE>
	<AMOUNT>15120.0</AMOUNT></BILLALLOCATIONS.LIST></ALLLEDGERENTRIES.LIST>
	<ALLLEDGERENTRIES.LIST>
	<OLDAUDITENTRYIDS.LIST TYPE="Number">
	<OLDAUDITENTRYIDS>-1</OLDAUDITENTRYIDS></OLDAUDITENTRYIDS.LIST>
	<LEDGERNAME>ICICI bank</LEDGERNAME>
	<GSTCLASS />
	<ISDEEMEDPOSITIVE>Yes</ISDEEMEDPOSITIVE>
	<LEDGERFROMITEM>No</LEDGERFROMITEM>
	<REMOVEZEROENTRIES>No</REMOVEZEROENTRIES>
	<ISPARTYLEDGER>Yes</ISPARTYLEDGER>
	<ISLASTDEEMEDPOSITIVE>Yes</ISLASTDEEMEDPOSITIVE>
	<AMOUNT>-15120.0</AMOUNT>
	<BANKALLOCATIONS.LIST>
	<DATE>20171201</DATE>
	<INSTRUMENTDATE>null</INSTRUMENTDATE>
	<NAME>646385d9-d863-4701-b9d0-7ad44a71e7cd</NAME>
	<TRANSACTIONTYPE>Others</TRANSACTIONTYPE>
	<BANKNAME>PayUMoney Gateway</BANKNAME>
	<BANKBRANCHNAME></BANKBRANCHNAME>
	<PAYMENTFAVOURING></PAYMENTFAVOURING>
	<INSTRUMENTNUMBER>null</INSTRUMENTNUMBER>
	<UNIQUEREFERENCENUMBER>null</UNIQUEREFERENCENUMBER>
	<STATUS>No</STATUS>
	<PAYMENTMODE>Transacted</PAYMENTMODE>
	<BANKPARTYNAME></BANKPARTYNAME>
	<ISCONNECTEDPAYMENT>No</ISCONNECTEDPAYMENT>
	<ISSPLIT>No</ISSPLIT>
	<ISCONTRACTUSED>No</ISCONTRACTUSED>
	<CHEQUEPRINTED> 1</CHEQUEPRINTED>
	<AMOUNT>-15120.0</AMOUNT> </BANKALLOCATIONS.LIST></ALLLEDGERENTRIES.LIST></VOUCHER></TALLYMESSAGE>
	<TALLYMESSAGE xmlns:UDF="TallyUDF">
	<COMPANY>
	<REMOTECMPINFO.LIST MERGE="Yes">
	<REMOTECMPNAME>BCITS PRIVATE LIMITED</REMOTECMPNAME>
	<REMOTECMPSTATE>Haryana</REMOTECMPSTATE></REMOTECMPINFO.LIST></COMPANY></TALLYMESSAGE></REQUESTDATA></IMPORTDATA>
</BODY>
</ENVELOPE>